<record><leader>00000cas a22000007a 4500</leader><controlfield tag="001">14867835</controlfield><controlfield tag="008">861124d19411948msuwr ne      0    0eng d</controlfield><datafield ind1=" " ind2=" " tag="010"><subfield code="a">sn 86074104 </subfield></datafield><datafield ind1=" " ind2=" " tag="040"><subfield code="a">MJA</subfield><subfield code="b">eng</subfield><subfield code="c">MJA</subfield><subfield code="d">MSJ</subfield><subfield code="d">KNP</subfield><subfield code="d">OCLCQ</subfield></datafield><datafield ind1=" " ind2=" " tag="042"><subfield code="a">msc</subfield></datafield><datafield ind1="0" ind2=" " tag="130"><subfield code="a">Brookhaven leader (Brookhaven, Miss. : 1941)</subfield></datafield><datafield ind1="1" ind2="4" tag="245"><subfield code="a">The Brookhaven leader.</subfield></datafield><datafield ind1=" " ind2=" " tag="260"><subfield code="a">Brookhaven, Miss. :</subfield><subfield code="b">Leader Co.,</subfield><subfield code="c">1941-1948.</subfield></datafield><datafield ind1=" " ind2=" " tag="300"><subfield code="a">v.</subfield></datafield><datafield ind1=" " ind2=" " tag="310"><subfield code="a">Weekly</subfield></datafield><datafield ind1="0" ind2=" " tag="362"><subfield code="a">59th yr. (Jan. 31, 1941)-v. 66, no. 15 (Apr. 28, 1948).</subfield></datafield><datafield ind1=" " ind2=" " tag="752"><subfield code="a">United States</subfield><subfield code="b">Mississippi</subfield><subfield code="c">Lincoln</subfield><subfield code="d">Brookhaven.</subfield></datafield><datafield ind1="0" ind2="7" tag="785"><subfield code="t">Lincoln county times (Brookhaven, Miss. : 1889)</subfield><subfield code="w">(DLC)sn 85034296</subfield><subfield code="w">(OCoLC)12630576</subfield></datafield><datafield ind1="0" ind2="7" tag="785"><subfield code="t">Brookhaven leader-times</subfield><subfield code="w">(DLC)sn 86074059</subfield><subfield code="w">(OCoLC)14867746</subfield></datafield></record>